@ARTICLE{Keane:2010,
	AUTHOR = {Michael P. Keane},
	TITLE = {Structural vs. Atheoretic Approaches to Econometrics},
	JOURNAL = {Journal of Econometrics},
	YEAR = {2010},
	volume = {156},
	number = {1},
	pages = {3-20},
	month = {May}
}

@ARTICLE{Rust:2010,
	AUTHOR = {John Rust},
	TITLE = {Comments on: 'Structural vs. Atheoretic Approaches to Econometrics'},
	JOURNAL = {Journal of Econometrics},
	YEAR = {2010},
	volume = {156},
	number = {1},
	pages = {21-24},
	month = {May}
}